<?xml version="1.0" encoding="UTF-8"?><record xmlns="http://www.loc.gov/MARC21/slim" xmlns:cinclude="http://apache.org/cocoon/include/1.0" xmlns:zs="http://www.loc.gov/zing/srw/">
  <leader>00929cz  a2200169n  4500</leader>
  <controlfield tag="001">no2007100276</controlfield>
  <controlfield tag="003">DLC</controlfield>
  <controlfield tag="005">20071101075212.0</controlfield>
  <controlfield tag="008">070829n| acannaabn          |a aaa     c</controlfield>
  <datafield tag="010" ind1=" " ind2=" ">
    <subfield code="a">no2007100276</subfield>
    <subfield code="z">n  82034547 </subfield>
  </datafield>
  <datafield tag="035" ind1=" " ind2=" ">
    <subfield code="a">(OCoLC)oca07507890</subfield>
  </datafield>
  <datafield tag="040" ind1=" " ind2=" ">
    <subfield code="a">OkU</subfield>
    <subfield code="b">eng</subfield>
    <subfield code="c">OkU</subfield>
    <subfield code="d">DLC</subfield>
  </datafield>
  <datafield tag="100" ind1="1" ind2=" ">
    <subfield code="a">Manninen, Diane L.</subfield>
    <subfield code="q">(Diane Lynn)</subfield>
  </datafield>
  <datafield tag="400" ind1="1" ind2=" ">
    <subfield code="a">Manninen, D.</subfield>
    <subfield code="q">(Diane)</subfield>
  </datafield>
  <datafield tag="670" ind1=" " ind2=" ">
    <subfield code="a">Consequences of the adoption decision among clients of the Options for pregnancy program in Washington and Northern Idaho, 1985, 2001:</subfield>
    <subfield code="b">documentation (Diane L. Manninen)</subfield>
  </datafield>
  <datafield tag="670" ind1=" " ind2=" ">
    <subfield code="a">OCLC, Aug. 29, 2007:</subfield>
    <subfield code="b">(hdg.: Manninen, D. (Diane); Manninen, Diane L.; Manninen, Diane Lynne; usage: D. Manninen, Diane L. Manninen, Diane Lynn Manninen)</subfield>
  </datafield>
  <datafield tag="670" ind1=" " ind2=" ">
    <subfield code="a">Malhotra, S. Migration and residential location of workers at nuclear power plant construction sites, 1981 (a.e.)</subfield>
    <subfield code="b">t.p. (D. Manninen, Pacific Northwest Lab., Richland, Wash.) Bib. data sheet (Diane Manninen)</subfield>
  </datafield>
</record>